<?xml version="1.0" encoding="UTF-8"?><collection xmlns="http://www.loc.gov/MARC21/slim"><record><leader>00564nam--2200193-i-4500</leader><controlfield tag="001">000016871</controlfield><controlfield tag="002">20161230</controlfield><controlfield tag="005">20161230201032</controlfield><controlfield tag="008">060222s1000------------r-----000-0-eng-d</controlfield><datafield ind1=" " ind2=" " tag="040"><subfield code="a">IFIN-HH</subfield></datafield><datafield ind1=" " ind2=" " tag="080"><subfield code="a">539.12.01</subfield></datafield><datafield ind1="1" ind2=" " tag="100"><subfield code="a">Watson, K.M</subfield></datafield><datafield ind1="1" ind2="0" tag="245"><subfield code="a">Topics in several particle dynamics</subfield><subfield code="b">With a chapter by chisholm, j.s.r</subfield><subfield code="c">K.m. watson, j. nattall</subfield></datafield><datafield ind1=" " ind2=" " tag="260"><subfield code="a">San Francisco</subfield><subfield code="b">Holden-day</subfield><subfield code="c">1967</subfield></datafield><datafield ind1=" " ind2=" " tag="300"><subfield code="a">121 P</subfield></datafield><datafield ind1=" " ind2=" " tag="490"><subfield code="a">Holden-day Advanced Physics Monographs</subfield></datafield><datafield ind1="1" ind2=" " tag="700"><subfield code="a">Chisholm, J.S.R</subfield></datafield><datafield ind1=" " ind2=" " tag="852"><subfield code="a">78902</subfield><subfield code="c">539.12</subfield></datafield><datafield ind1=" " ind2=" " tag="CAT"><subfield code="a">Sys</subfield><subfield code="c">20120124</subfield><subfield code="h">150929</subfield></datafield></record></collection>